<record><leader>00000cas a22000007a 4500</leader><controlfield tag="001">34527714</controlfield><controlfield tag="008">960408d185u186uvauwr ne      0    0eng d</controlfield><datafield ind1=" " ind2=" " tag="010"><subfield code="a">sn 96096566 </subfield></datafield><datafield ind1=" " ind2=" " tag="040"><subfield code="a">NVK</subfield><subfield code="b">eng</subfield><subfield code="c">NVK</subfield><subfield code="d">OCL</subfield><subfield code="d">NVK</subfield><subfield code="d">OCLCQ</subfield><subfield code="d">OCLCF</subfield><subfield code="d">OCLCO</subfield></datafield><datafield ind1=" " ind2=" " tag="042"><subfield code="a">msc</subfield></datafield><datafield ind1=" " ind2=" " tag="043"><subfield code="a">n-us-va</subfield></datafield><datafield ind1="0" ind2=" " tag="130"><subfield code="a">Orange chronicle (Orange, Va.)</subfield></datafield><datafield ind1="1" ind2="0" tag="245"><subfield code="a">Orange chronicle.</subfield></datafield><datafield ind1=" " ind2=" " tag="260"><subfield code="a">Orange C.H., Va. :</subfield><subfield code="b">J.S. Payne</subfield></datafield><datafield ind1=" " ind2=" " tag="300"><subfield code="a">v.</subfield></datafield><datafield ind1=" " ind2=" " tag="310"><subfield code="a">Weekly</subfield></datafield><datafield ind1=" " ind2=" " tag="588"><subfield code="a">Description based on: Vol. 1, no. 50 (Jan. 31, 1861).</subfield></datafield><datafield ind1=" " ind2="0" tag="651"><subfield code="a">Orange (Va.)</subfield><subfield code="v">Newspapers.</subfield></datafield><datafield ind1=" " ind2="7" tag="655"><subfield code="a">Newspapers.</subfield><subfield code="2">fast</subfield><subfield code="0">(OCoLC)fst01423814</subfield></datafield><datafield ind1=" " ind2="7" tag="651"><subfield code="a">Virginia</subfield><subfield code="z">Orange.</subfield><subfield code="2">fast</subfield><subfield code="0">(OCoLC)fst01248550</subfield></datafield><datafield ind1=" " ind2=" " tag="752"><subfield code="a">United States</subfield><subfield code="b">Virginia</subfield><subfield code="c">Orange</subfield><subfield code="d">Orange.</subfield></datafield><datafield ind1=" " ind2=" " tag="936"><subfield code="a">Jan. 31, 1861 LIC.</subfield></datafield></record>